<record><leader>00000cas a22000007a 4500</leader><controlfield tag="001">16172159</controlfield><controlfield tag="008">870714d19741974msuwr ne      0    0eng d</controlfield><datafield ind1=" " ind2=" " tag="010"><subfield code="a">sn 87065411 </subfield></datafield><datafield ind1=" " ind2=" " tag="040"><subfield code="a">MJA</subfield><subfield code="b">eng</subfield><subfield code="c">MJA</subfield><subfield code="d">MSJ</subfield><subfield code="d">OCLCQ</subfield></datafield><datafield ind1=" " ind2=" " tag="042"><subfield code="a">msc</subfield></datafield><datafield ind1="0" ind2="4" tag="245"><subfield code="a">The Headlight.</subfield></datafield><datafield ind1=" " ind2=" " tag="260"><subfield code="a">Mize, Miss. :</subfield><subfield code="b">Southeast Miss. Pub. Co.,</subfield><subfield code="c">1974.</subfield></datafield><datafield ind1=" " ind2=" " tag="300"><subfield code="a">v.</subfield></datafield><datafield ind1=" " ind2=" " tag="310"><subfield code="a">Weekly</subfield></datafield><datafield ind1="0" ind2=" " tag="362"><subfield code="a">Vol. 3, no. 15 (July 10, 1974)-v. 3, no. 35 (Dec. 4, 1974).</subfield></datafield><datafield ind1=" " ind2=" " tag="500"><subfield code="a">Each issue includes four sections, each with its own numbering: The Bay Springs headlight, The Mize headlight, The Raleigh headlight, The Taylorsville headlight. The Bay Springs headlight ceased with Sept. 4, 1977 issue.</subfield></datafield><datafield ind1=" " ind2=" " tag="500"><subfield code="a">" ... satellite newspapers within a parent newspaper with each having its own identity and operating as an entity within one package ..."</subfield></datafield><datafield ind1=" " ind2=" " tag="515"><subfield code="a">Issue for Dec. 4, 1974 is numbered v. 3, no. 34 but constitutes v. 3, no. 36.</subfield></datafield><datafield ind1=" " ind2=" " tag="580"><subfield code="a">Bay Springs headlight continues: Tri-city times.</subfield></datafield><datafield ind1=" " ind2=" " tag="580"><subfield code="a">Mize headlight continues: Smith County headlight.</subfield></datafield><datafield ind1="0" ind2=" " tag="730"><subfield code="a">Bay Springs headlight.</subfield></datafield><datafield ind1="0" ind2=" " tag="730"><subfield code="a">Mize headlight.</subfield></datafield><datafield ind1="0" ind2=" " tag="730"><subfield code="a">Raleigh headlight.</subfield></datafield><datafield ind1="0" ind2=" " tag="730"><subfield code="a">Taylorsville headlight.</subfield></datafield><datafield ind1=" " ind2=" " tag="752"><subfield code="a">United States</subfield><subfield code="b">Mississippi</subfield><subfield code="c">Jasper</subfield><subfield code="d">Bay Springs.</subfield></datafield><datafield ind1=" " ind2=" " tag="752"><subfield code="a">United States</subfield><subfield code="b">Mississippi</subfield><subfield code="c">Smith</subfield><subfield code="d">Mize.</subfield></datafield><datafield ind1=" " ind2=" " tag="752"><subfield code="a">United States</subfield><subfield code="b">Mississippi</subfield><subfield code="c">Smith</subfield><subfield code="d">Raleigh.</subfield></datafield><datafield ind1=" " ind2=" " tag="752"><subfield code="a">United States</subfield><subfield code="b">Mississippi</subfield><subfield code="c">Smith</subfield><subfield code="d">Taylorsville.</subfield></datafield><datafield ind1="1" ind2="0" tag="780"><subfield code="t">Tri-city times</subfield></datafield><datafield ind1="1" ind2="0" tag="780"><subfield code="t">Smith County headlight</subfield><subfield code="w">(OCoLC)15738479</subfield></datafield><datafield ind1="0" ind2="0" tag="785"><subfield code="t">Headlight news</subfield><subfield code="w">(OCoLC)15738705</subfield></datafield><datafield ind1="1" ind2=" " tag="029"><subfield code="a">AU@</subfield><subfield code="b">000025788650</subfield></datafield></record>